@article{star,
title = {STAR: ultrafast universal RNA-seq aligner},
author = {Dobin A. et al.},
year = {2013},
journal = {Bioinformatics}, 
volume = {29},
pages={15-21}
}

@article{featureCounts, 
author = {Liao Y. and  Smyth G.K. and Shi W.}, 
year = {2014},
title = {featureCounts: an efficient general purpose program for assigning sequence reads to genomic features}, journal={Bioinformatics}, 
volume = {30},
number = {7},
pages = {923-930}
}

@article{samtools,
author={Li H. and Handsaker B. and Wysoker A. and Fennell T. and Ruan J. and Homer N. and Marth G. and Abecasis G. and Durbin R. and 1000 Genome Project Data Processing Subgroup},
title={The Sequence alignment/map (SAM) format and SAMtools}, 
journal={Bioinformatics}, 
volume={25}, 
pages={2078-2079}
}

@article{excel,
author={Zeeberg B. et al.},
title={Mistaken identifiers: gene name errors can be introduced inadvertently when using Excel in bioinformatics},
journal={BMC Bioinformatics},
volume={5},
year={2004},
pages={80}
}
